
@Book{gates1999slot,
title={Slot coating flows: Feasibility, quality},
 author={Gates, Ian D},
 volume={1},
 year={1999},
 publisher={University of Minnesota}
}




%%%%%%%%%%%%%%%%%%%%%%%%%%%%%%%%%%%%%%%%%%%%%%%%%%%%%%%%%%%%%%%%%%%%%%%%%%%%%%%%
Contact Angle
@article{blake2002dynamic,
title={Dynamic wetting by liquids of different viscosity},
 author={Blake, TD and Shikhmurzaev, YD},
 journal={Journal of colloid and interface science},
 volume={253},
 number={1},
 pages={196--202},
 year={2002},
 publisher={Elsevier}
}

@article{cox1986dynamics,
title={The dynamics of the spreading of liquids on a solid surface. Part 1. Viscous flow},
 author={Cox, RG},
 journal={Journal of Fluid Mechanics},
 volume={168},
 pages={169--194},
 year={1986},
 publisher={Cambridge University Press}
}

%%%%%%%%%%%%%%%%%%%%%%%%%%%%%%%%%%%%%%%%%%%%%%%%%%%%%%%%%%%%%%%%%%%%%%%%%%%%%%%%
Silver nanowire roll to roll slot coating
@article{kim2016roll,
title={Roll-to-roll slot-die coating of 400 mm wide, flexible, transparent Ag nanowire films for flexible touch screen panels},
 author={Kim, Dong-Ju and Shin, Hae-In and Ko, Eun-Hye and Kim, Ki-Hyun and Kim, Tae-Woong and Kim, Han-Ki},
 journal={Scientific reports},
 volume={6},
 pages={34322},
 year={2016},
 publisher={Nature Publishing Group}
}

@article{wang2017roll,
title={Roll-to-roll slot die production of 300 mm large area silver nanowire mesh films for flexible transparent electrodes},
 author={Wang, Byung-Yong and Lee, Eung-Seok and Lim, Dae-Soon and Kang, Hyun Wook and Oh, Young-Jei},
 journal={RSC Advances},
 volume={7},
 number={13},
 pages={7540--7546},
 year={2017},
 publisher={Royal Society of Chemistry}
}

%%%%%%%%%%%%%%%%%%%%%%%%%%%%%%%%%%%%%%%%%%%%%%%%%%%%%%%%%%%%%%%%%%%%%%%%%%%%%%%%
Low Flow Limit
@article{lee1992minimum,
title={Minimum wet thickness in extrusion slot coating},
 author={Lee, Kwong-Yang and Liu, Li-Dah and Ta-Jo, Liu},
 journal={Chemical Engineering Science},
 volume={47},
 number={7},
 pages={1703--1713},
 year={1992},
 publisher={Elsevier}
}

%%%%%%%%%%%%%%%%%%%%%%%%%%%%%%%%%%%%%%%%%%%%%%%%%%%%%%%%%%%%%%%%%%%%%%%%%%%%%%%%
MCPL
온유형
@article{kim2017confinement,
title={Confinement effects in dip coating},
 author={Kim, Onyu and Nam, Jaewook},
 journal={Journal of Fluid Mechanics},
 volume={827},
 pages={1--30},
 year={2017},
 publisher={Cambridge University Press}
}

%%%%%%%%%%%%%%%%%%%%%%%%%%%%%%%%%%%%%%%%%%%%%%%%%%%%%%%%%%%%%%%%%%%%%%%%%%%%%%%%

@article{lee2015analysis,
title={Analysis of slot coating flow under tilted die},
 author={Lee, Semi and Nam, Jaewook},
 journal={AIChE Journal},
 volume={61},
 number={5},
 pages={1745--1758},
 year={2015},
 publisher={Wiley Online Library}
}

@article{lee2016simple,
title={A simple model for viscoplastic thin film formation for coating flows},
 author={Lee, Jaeki and Nam, Jaewook},
 journal={Journal of Non-Newtonian Fluid Mechanics},
 volume={229},
 pages={16--26},
 year={2016},
 publisher={Elsevier}
}

%%%%%%%%%%%%%%%%%%%%%%%%%%%%%%%%%%%%%%%%%%%%%%%%%%%%%%%%%%%%%%%%%%%%%%%%%%%%%%%%
%textbooks
@book{papanastasiou1999viscous,
title={Viscous fluid flow},
 author={Papanastasiou, Tasos and Georgiou, Georgios and Alexandrou, Andreas N},
 year={1999},
 publisher={CRC press}
}

@book{currie2016fundamental,
title={Fundamental mechanics of fluids},
 author={Currie, Iain G},
 year={2016},
 publisher={CRC press}
}

@book{strang2007computational,
title={Computational science and engineering},
 author={Strang, Gilbert},
 year={2007},
 publisher={Wellesley-Cambridge Press Wellesley}
}
